@article{Aad:2012tfa,
  author          = "Aad, Georges and others",
  collaboration   = "ATLAS",
  title           = "{Observation of a new particle in the search for the
                  Standard Model Higgs boson with the ATLAS detector at the
                  LHC}",
  eprint          = "1207.7214",
  archivePrefix   = "arXiv",
  primaryClass    = "hep-ex",
  reportNumber    = "CERN-PH-EP-2012-218",
  doi             = "10.1016/j.physletb.2012.08.020",
  journal         = "Phys. Lett. B",
  volume          = 716,
  pages           = "1--29",
  year            = 2012
}

@article{Agrawal:2015dbf,
  author          = "Agrawal, Prateek and Fan, JiJi and Heidenreich, Ben and
                  Reece, Matthew and Strassler, Matthew",
  title           = "{Experimental Considerations Motivated by the Diphoton
                  Excess at the LHC}",
  eprint          = "1512.05775",
  archivePrefix   = "arXiv",
  primaryClass    = "hep-ph",
  doi             = "10.1007/JHEP06(2016)082",
  journal         = "JHEP",
  volume          = 06,
  pages           = 082,
  year            = 2016
}

@article{Barrie:2016ndh,
  author          = "Barrie, Neil D. and Kobakhidze, Archil and Liang, Shelley
                  and Talia, Matthew and Wu, Lei",
  title           = "{Heavy Leptonium as the Origin of the 750 GeV Diphoton
                  Excess}",
  eprint          = "1604.02803",
  archivePrefix   = "arXiv",
  primaryClass    = "hep-ph",
  month           = 4,
  year            = 2016
}

@article{CMS:2015dxe,
  collaboration   = "CMS",
  title           = "{Search for new physics in high mass diphoton events in
                  proton-proton collisions at 13TeV}",
  reportNumber    = "CMS-PAS-EXO-15-004",
  month           = 12,
  year            = 2015
}

@article{Carlson:1991zn,
  author          = "Carlson, Eric D. and Hall, Lawrence J. and Sarid, Uri and
                  Burton, Joshua W.",
  title           = "{Cornering color SU(5)}",
  reportNumber    = "HUTP-91-A012, LBL-30346, UCB-PTH-91-9",
  doi             = "10.1103/PhysRevD.44.1555",
  journal         = "Phys. Rev. D",
  volume          = 44,
  pages           = "1555--1568",
  year            = 1991
}

@article{Chatrchyan:2012ufa,
  author          = "Chatrchyan, Serguei and others",
  collaboration   = "CMS",
  title           = "{Observation of a New Boson at a Mass of 125 GeV with the
                  CMS Experiment at the LHC}",
  eprint          = "1207.7235",
  archivePrefix   = "arXiv",
  primaryClass    = "hep-ex",
  reportNumber    = "CMS-HIG-12-028, CERN-PH-EP-2012-220",
  doi             = "10.1016/j.physletb.2012.08.021",
  journal         = "Phys. Lett. B",
  volume          = 716,
  pages           = "30--61",
  year            = 2012
}

@article{Clarke:2011aa,
  author          = "Clarke, Jackson D. and Foot, Robert and Volkas, Raymond R.",
  title           = "{Quark-lepton symmetric model at the LHC}",
  eprint          = "1112.3405",
  archivePrefix   = "arXiv",
  primaryClass    = "hep-ph",
  doi             = "10.1103/PhysRevD.85.074012",
  journal         = "Phys. Rev. D",
  volume          = 85,
  pages           = 074012,
  year            = 2012
}

@article{Curtin:2015jcv,
  author          = "Curtin, David and Verhaaren, Christopher B.",
  title           = "{Quirky Explanations for the Diphoton Excess}",
  eprint          = "1512.05753",
  archivePrefix   = "arXiv",
  primaryClass    = "hep-ph",
  doi             = "10.1103/PhysRevD.93.055011",
  journal         = "Phys. Rev. D",
  volume          = 93,
  number          = 5,
  pages           = 055011,
  year            = 2016
}

@article{Foot:1990dw,
  author          = "Foot, Robert and Lew, Henry",
  title           = "{QUARK - LEPTON SYMMETRIC MODEL}",
  reportNumber    = "MAD-TH-89-15-REV, UM-P-89-91-REV",
  doi             = "10.1103/PhysRevD.41.3502",
  journal         = "Phys. Rev. D",
  volume          = 41,
  pages           = 3502,
  year            = 1990
}

@article{Foot:1990jm,
  author          = "Foot, Robert and Hernandez, Oscar F. and Rizzo, Thomas G.",
  title           = "{SU(5)-c COLOR MODEL SIGNATURES AT HADRON COLLIDERS}",
  reportNumber    = "MAD/PH/566, MAD/TH/90-15",
  doi             = "10.1016/0370-2693(90)91329-A",
  journal         = "Phys. Lett. B",
  volume          = 246,
  pages           = "183--187",
  year            = 1990
}

@article{Foot:1991fk,
  author          = "Foot, Robert and Lew, H. and Volkas, R.R.",
  title           = "{Phenomenology of quark - lepton symmetric models}",
  reportNumber    = "UM-P-91-02, OZ-91-02",
  doi             = "10.1103/PhysRevD.44.1531",
  journal         = "Phys. Rev. D",
  volume          = 44,
  pages           = "1531--1546",
  year            = 1991
}

@article{Foot:2006ie,
  author          = "Foot, R. and Volkas, R.R.",
  title           = "{Generalised leptonic colour}",
  eprint          = "hep-ph/0607047",
  archivePrefix   = "arXiv",
  doi             = "10.1016/j.physletb.2006.11.078",
  journal         = "Phys. Lett. B",
  volume          = 645,
  pages           = "345--350",
  year            = 2007
}

@article{Foot:2011xu,
  author          = "Foot, Robert",
  title           = "{Top quark forward-backward asymmetry from SU($N_c$)
                  color}",
  eprint          = "1103.1940",
  archivePrefix   = "arXiv",
  primaryClass    = "hep-ph",
  doi             = "10.1103/PhysRevD.83.114013",
  journal         = "Phys. Rev. D",
  volume          = 83,
  pages           = 114013,
  year            = 2011
}

@article{Franceschini:2015kwy,
  author          = "Franceschini, Roberto and Giudice, Gian F. and Kamenik,
                  Jernej F. and McCullough, Matthew and Pomarol, Alex and
                  Rattazzi, Riccardo and Redi, Michele and Riva, Francesco and
                  Strumia, Alessandro and Torre, Riccardo",
  title           = "{What is the $\gamma \gamma$ resonance at 750 GeV?}",
  eprint          = "1512.04933",
  archivePrefix   = "arXiv",
  primaryClass    = "hep-ph",
  reportNumber    = "CERN-PH-TH-2015-302",
  doi             = "10.1007/JHEP03(2016)144",
  journal         = "JHEP",
  volume          = 03,
  pages           = 144,
  year            = 2016
}

@article{Gherghetta:2016fhp,
  author          = "Gherghetta, Tony and Nagata, Natsumi and Shifman, Mikhail",
  title           = "{A Visible QCD Axion from an Enlarged Color Group}",
  eprint          = "1604.01127",
  archivePrefix   = "arXiv",
  primaryClass    = "hep-ph",
  reportNumber    = "UMN-TH-3522-16, FTPI-MINN-16-11",
  doi             = "10.1103/PhysRevD.93.115010",
  journal         = "Phys. Rev. D",
  volume          = 93,
  number          = 11,
  pages           = 115010,
  year            = 2016
}

@article{Kamenik:2016izk,
  author          = "Kamenik, Jernej F. and Redi, Michele",
  title           = "{Back to 1974: The $\mathcal Q$-onium}",
  eprint          = "1603.07719",
  archivePrefix   = "arXiv",
  primaryClass    = "hep-ph",
  doi             = "10.1016/j.physletb.2016.06.060",
  journal         = "Phys. Lett. B",
  volume          = 760,
  pages           = "158--163",
  year            = 2016
}

@article{Kang:2008ea,
  author          = "Kang, Junhai and Luty, Markus A.",
  title           = "{Macroscopic Strings and 'Quirks' at Colliders}",
  eprint          = "0805.4642",
  archivePrefix   = "arXiv",
  primaryClass    = "hep-ph",
  doi             = "10.1088/1126-6708/2009/11/065",
  journal         = "JHEP",
  volume          = 11,
  pages           = 065,
  year            = 2009
}

@article{Kats:2016kuz,
  author          = "Kats, Yevgeny and Strassler, Matthew J.",
  title           = "{Resonances from QCD bound states and the 750 GeV diphoton
                  excess}",
  eprint          = "1602.08819",
  archivePrefix   = "arXiv",
  primaryClass    = "hep-ph",
  doi             = "10.1007/JHEP05(2016)092",
  journal         = "JHEP",
  volume          = 05,
  pages           = 092,
  year            = 2016,
  note            = "[Erratum: JHEP 07, 044 (2016)]"
}

@article{Ko:2016sht,
  author          = "Ko, P. and Yu, Chaehyun and Yuan, Tzu-Chiang",
  title           = "{Probing a new strongly interacting sector via composite
                  diboson resonances}",
  eprint          = "1603.08802",
  archivePrefix   = "arXiv",
  primaryClass    = "hep-ph",
  doi             = "10.1103/PhysRevD.95.115034",
  journal         = "Phys. Rev. D",
  volume          = 95,
  number          = 11,
  pages           = 115034,
  year            = 2017
}

@article{Okun:1980mu,
  author          = "Okun, L.B.",
  title           = "{THETA PARTICLES}",
  reportNumber    = "ITEP-6-1980",
  doi             = "10.1016/0550-3213(80)90439-3",
  journal         = "Nucl. Phys. B",
  volume          = 173,
  pages           = "1--12",
  year            = 1980
}

@techreport{ATLAS-CONF-2015-070,
      title         = "{Search for new phenomena in the dilepton final state
                       using proton-proton collisions at $\sqrt{s} = \SI{13}{TeV}$ with the
                       ATLAS detector}",
      institution   = "CERN",
      address       = "Geneva",
      number        = "ATLAS-CONF-2015-070",
      month         = "Dec",
      year          = "2015",
      reportNumber  = "ATLAS-CONF-2015-070",
      url           = "https://cds.cern.ch/record/2114842",
}

@techreport{ATLAS-CONF-2015-081,
      title         = "{Search for resonances decaying to photon pairs in
                       \SI{3.2}{\per\fb} of $pp$ collisions at $\sqrt{s} = \SI{13}{\TeV}$
                       with the ATLAS detector}",
      institution   = "CERN",
      address       = "Geneva",
      number        = "ATLAS-CONF-2015-081",
      month         = "Dec",
      year          = "2015",
      reportNumber  = "ATLAS-CONF-2015-081",
      url           = "https://cds.cern.ch/record/2114853",
}

@article{Weinberg:1967tq,
  author          = "Weinberg, Steven",
  title           = "{A Model of Leptons}",
  journal         = "Phys. Rev. Lett.",
  volume          = 19,
  year            = 1967,
  pages           = "1264-1266",
  doi             = "10.1103/PhysRevLett.19.1264",
  SLACcitation    = "%%CITATION = PRLTA,19,1264;%%"
}

@article{Weinberg:2020zba,
  author          = "Weinberg, Steven",
  title           = "{Models of Lepton and Quark Masses}",
  year            = 2020,
  eprint          = "2001.06582",
  archivePrefix   = "arXiv",
  primaryClass    = "hep-th",
  reportNumber    = "UTTG-10-19",
  SLACcitation    = "%%CITATION = ARXIV:2001.06582;%%"
}
